<?xml version="1.0" encoding="UTF-8"?>
<collection>
   <record>
      <leader>03297cam a2200493Ia 4500</leader>
      <controlfield tag="001">9915524572007426</controlfield>
      <controlfield tag="005">20221102122859.0</controlfield>
      <controlfield tag="008">820528s1803    mdu           001 0 eng  </controlfield>
      <datafield tag="016" ind1="7" ind2=" ">
         <subfield code="a">CAT31095534</subfield>
         <subfield code="2">DNAL</subfield>
      </datafield>
      <datafield tag="035" ind1=" " ind2=" ">
         <subfield code="a">1095534</subfield>
      </datafield>
      <datafield tag="035" ind1=" " ind2=" ">
         <subfield code="a">(OCoLC)191262137</subfield>
      </datafield>
      <datafield tag="035" ind1=" " ind2=" ">
         <subfield code="a">(DNAL)1095534-naldb-Voyager</subfield>
      </datafield>
      <datafield tag="040" ind1=" " ind2=" ">
         <subfield code="a">AQM</subfield>
         <subfield code="b">eng</subfield>
         <subfield code="e">dcrb</subfield>
         <subfield code="c">AQM</subfield>
         <subfield code="d">OCLCG</subfield>
         <subfield code="d">AGL</subfield>
         <subfield code="d">OCLCF</subfield>
         <subfield code="d">OCLCO</subfield>
         <subfield code="d">OCLCQ</subfield>
         <subfield code="d">OCLCA</subfield>
      </datafield>
      <datafield tag="049" ind1=" " ind2=" ">
         <subfield code="a">AGLL</subfield>
      </datafield>
      <datafield tag="070" ind1="0" ind2=" ">
         <subfield code="a">SF285</subfield>
         <subfield code="b">.M372 1803</subfield>
      </datafield>
      <datafield tag="100" ind1="1" ind2=" ">
         <subfield code="a">Markham, Gervase,</subfield>
         <subfield code="d">1568?-1637.</subfield>
      </datafield>
      <datafield tag="245" ind1="1" ind2="4">
         <subfield code="a">The citizen &amp; countryman's experienced farrier :</subfield>
         <subfield code="b">containing, I. The best method of ordering, dieting, exercising, purging, scowering, and cleansing of horses; also choice restoratives to chear the heart, procure an appetite, and to clear the lungs and pipes, and give large breath to the running or race-horse. II. An experienced and approved method for raising of horses, mares, colts and stallions, as to ordering[,] keeping, &amp;c. III. A sure and certain rule to know the age of any horse, from one year to ten, with good observations as he further advances in years. IV. The true shape of a horse explained; with choice directions for buying. V.A sure method to know the true state of any horse's body, as to sickness or health. VI. The best method of keeping the common hackney, or hunting horse, lively, chearful, free from colds, strains, windgalls, and gross humours. VII. An approved method of purging, bleeding and feeding cattle; with choice receipts for the diseases they are incident to: with signs to know the disease, and directions for the use of medicines. : together with a valuable collection of the best receipts in the known world for the cure of all maladies and distempers incident to horses of what kind soever, with directions to know the ailment, or disease /</subfield>
         <subfield code="c">by J. Markham, G. Jeffries, and experienced Indians.</subfield>
      </datafield>
      <datafield tag="246" ind1="3" ind2=" ">
         <subfield code="a">Citizen and countryman's experienced farrier</subfield>
      </datafield>
      <datafield tag="260" ind1=" " ind2=" ">
         <subfield code="a">Baltimore :</subfield>
         <subfield code="b">Printed and sold by Samuel Sower. No. 190, Market-Street.,</subfield>
         <subfield code="c">1803.</subfield>
      </datafield>
      <datafield tag="300" ind1=" " ind2=" ">
         <subfield code="a">[8], 13-252, 251-349 [i.e. 346], [12] p. ;</subfield>
         <subfield code="c">17 cm.</subfield>
      </datafield>
      <datafield tag="336" ind1=" " ind2=" ">
         <subfield code="a">text</subfield>
         <subfield code="b">txt</subfield>
         <subfield code="2">rdacontent</subfield>
      </datafield>
      <datafield tag="337" ind1=" " ind2=" ">
         <subfield code="a">unmediated</subfield>
         <subfield code="b">n</subfield>
         <subfield code="2">rdamedia</subfield>
      </datafield>
      <datafield tag="338" ind1=" " ind2=" ">
         <subfield code="a">volume</subfield>
         <subfield code="b">nc</subfield>
         <subfield code="2">rdacarrier</subfield>
      </datafield>
      <datafield tag="510" ind1="4" ind2=" ">
         <subfield code="a">Shaw &amp; Shoemaker</subfield>
         <subfield code="c">4582</subfield>
      </datafield>
      <datafield tag="510" ind1="4" ind2=" ">
         <subfield code="a">Austin, R.B. Early Amer. medical imprints,</subfield>
         <subfield code="c">1193</subfield>
      </datafield>
      <datafield tag="591" ind1=" " ind2=" ">
         <subfield code="b">NAL Reclamation</subfield>
      </datafield>
      <datafield tag="650" ind1=" " ind2="0">
         <subfield code="a">Horses.</subfield>
         <subfield code="0">http://id.loc.gov/authorities/subjects/sh85062160</subfield>
      </datafield>
      <datafield tag="650" ind1=" " ind2="0">
         <subfield code="a">Horses</subfield>
         <subfield code="x">Diseases.</subfield>
         <subfield code="0">http://id.loc.gov/authorities/subjects/sh85062163</subfield>
      </datafield>
      <datafield tag="650" ind1=" " ind2="0">
         <subfield code="a">Horses</subfield>
         <subfield code="x">Diseases</subfield>
         <subfield code="x">Treatment.</subfield>
      </datafield>
      <datafield tag="650" ind1=" " ind2="0">
         <subfield code="a">Veterinary medicine.</subfield>
         <subfield code="0">http://id.loc.gov/authorities/subjects/sh85143046</subfield>
      </datafield>
      <datafield tag="650" ind1=" " ind2="0">
         <subfield code="a">Cattle</subfield>
         <subfield code="x">Diseases.</subfield>
         <subfield code="0">http://id.loc.gov/authorities/subjects/sh85021307</subfield>
      </datafield>
      <datafield tag="655" ind1=" " ind2="4">
         <subfield code="a">Stained leather (Binding)</subfield>
      </datafield>
      <datafield tag="655" ind1=" " ind2="7">
         <subfield code="a">Leather bindings (Binding)</subfield>
         <subfield code="2">rbbin</subfield>
      </datafield>
      <datafield tag="655" ind1=" " ind2="7">
         <subfield code="a">Stained edges (Binding)</subfield>
         <subfield code="2">rbbin</subfield>
      </datafield>
      <datafield tag="700" ind1="1" ind2=" ">
         <subfield code="a">Jefferies, G.</subfield>
         <subfield code="q">(George),</subfield>
         <subfield code="d">1704-1763.</subfield>
         <subfield code="0">http://id.loc.gov/authorities/names/nr98043549</subfield>
      </datafield>
      <datafield tag="700" ind1="1" ind2=" ">
         <subfield code="a">Millis, John,</subfield>
         <subfield code="e">editor.</subfield>
      </datafield>
      <datafield tag="700" ind1="1" ind2=" ">
         <subfield code="a">Sower, Samuel,</subfield>
         <subfield code="d">1767-1820,</subfield>
         <subfield code="e">printer.</subfield>
         <subfield code="0">http://id.loc.gov/authorities/names/n88057272</subfield>
      </datafield>
      <datafield tag="752" ind1=" " ind2=" ">
         <subfield code="a">United States</subfield>
         <subfield code="b">Maryland</subfield>
         <subfield code="d">Baltimore.</subfield>
      </datafield>
      <datafield tag="912" ind1=" " ind2=" ">
         <subfield code="a">nalcatalog</subfield>
      </datafield>
      <datafield tag="930" ind1=" " ind2=" ">
         <subfield code="a">20170927</subfield>
         <subfield code="b">20171009</subfield>
         <subfield code="c">00000000</subfield>
      </datafield>
      <datafield tag="939" ind1=" " ind2=" ">
         <subfield code="a">20120322</subfield>
         <subfield code="b">20120504</subfield>
         <subfield code="c">00000000</subfield>
      </datafield>
      <datafield tag="946" ind1=" " ind2=" ">
         <subfield code="a">Other US</subfield>
      </datafield>
      <datafield tag="958" ind1=" " ind2=" ">
         <subfield code="b">e</subfield>
         <subfield code="c">2012/03/21</subfield>
         <subfield code="d">n</subfield>
         <subfield code="e">mlydon</subfield>
      </datafield>
      <datafield tag="994" ind1=" " ind2=" ">
         <subfield code="a">92</subfield>
         <subfield code="b">AGL</subfield>
      </datafield>
   </record>
</collection>
